
@book{书籍2024,
  title={这是一份书籍},
  author={作者1 and 作者2 and 作者3},
  publisher={地名：出版社名称},
  year={2024},
  page={50-100}
}

@phdthesis{博士论文2024,
  author = {作者1},
  title = {这是一份博士论文},
  school = {某某大学},
  year = {2024}
}

@article{期刊2024,
  author = {作者1 and 作者2 and 作者3 and 作者4 and 作者5},
  title = {这是一份期刊},
  journal = {期刊名称},
  volume = {20},
  number = {02},
  pages = {50-100},
  year = {2024},
}

@inproceedings{会议2024,
  title={This is a conference paper},
  author={Author1 and Author2},
  booktitle={Name of the Conference},
  volume={2},
  pages={50--100},
  year={2024},
  organization={Name of the Database}
}

@Comment{jabref-meta: databaseType:bibtex;}
